<record><leader>00000cas a22000007a 4500</leader><controlfield tag="001">1756645</controlfield><controlfield tag="008">751101d19181923mnuwr ne      0    0eng d</controlfield><datafield ind1=" " ind2=" " tag="010"><subfield code="a">sn 89081082 </subfield></datafield><datafield ind1=" " ind2=" " tag="040"><subfield code="a">MUL</subfield><subfield code="b">eng</subfield><subfield code="c">MUL</subfield><subfield code="d">MN#</subfield><subfield code="d">OCLCQ</subfield><subfield code="d">OCLCF</subfield><subfield code="d">OCLCO</subfield></datafield><datafield ind1="1" ind2=" " tag="029"><subfield code="a">AU@</subfield><subfield code="b">000025886538</subfield></datafield><datafield ind1=" " ind2=" " tag="042"><subfield code="a">msc</subfield></datafield><datafield ind1=" " ind2=" " tag="043"><subfield code="a">n-us-mn</subfield></datafield><datafield ind1=" " ind2=" " tag="052"><subfield code="a">4144</subfield><subfield code="b">M3</subfield></datafield><datafield ind1=" " ind2=" " tag="052"><subfield code="a">4143</subfield><subfield code="b">B6</subfield></datafield><datafield ind1="0" ind2=" " tag="130"><subfield code="a">Union news (Mankato, Minn. : 1918)</subfield></datafield><datafield ind1="0" ind2="4" tag="245"><subfield code="a">The union news.</subfield></datafield><datafield ind1=" " ind2=" " tag="260"><subfield code="a">Mankato, Minn. :</subfield><subfield code="b">Union Pub. Co.,</subfield><subfield code="c">1918-1923.</subfield></datafield><datafield ind1=" " ind2=" " tag="300"><subfield code="a">5 v.</subfield></datafield><datafield ind1=" " ind2=" " tag="310"><subfield code="a">Weekly</subfield></datafield><datafield ind1="0" ind2=" " tag="362"><subfield code="a">Vol. 1, no. 1 (Sept. 27, 1918)-v. 5, no. 27 (Mar. 16, 1923).</subfield></datafield><datafield ind1=" " ind2=" " tag="530"><subfield code="a">Available on microfilm from the Minnesota Historical Society.</subfield></datafield><datafield ind1=" " ind2="0" tag="651"><subfield code="a">Mankato (Minn.)</subfield><subfield code="v">Newspapers.</subfield></datafield><datafield ind1=" " ind2="7" tag="655"><subfield code="a">Newspapers.</subfield><subfield code="2">fast</subfield><subfield code="0">(OCoLC)fst01423814</subfield></datafield><datafield ind1=" " ind2="7" tag="651"><subfield code="a">Minnesota</subfield><subfield code="z">Mankato.</subfield><subfield code="2">fast</subfield><subfield code="0">(OCoLC)fst01208513</subfield></datafield><datafield ind1=" " ind2=" " tag="752"><subfield code="a">United States</subfield><subfield code="b">Minnesota</subfield><subfield code="c">Blue Earth</subfield><subfield code="d">Mankato.</subfield></datafield><datafield ind1="0" ind2="7" tag="785"><subfield code="t">Mankato telegram</subfield><subfield code="w">(DLC)sn 89081078</subfield></datafield><datafield ind1="0" ind2="7" tag="785"><subfield code="t">Mankato telegram and union news</subfield><subfield code="w">(DLC)sn 89081079</subfield></datafield></record>